@article{MathOfGauss,
	AUTHOR = "Joseph F. Grcar",
	TITLE = "Mathematitians Of Gauss Elimination",
	JOURNAL = "Notices of the American Mathematical Society",
	YEAR = "2011",
	VOLUME = "58",
	NUMBER = "6",
	PAGES = "782-792"
}

	
@InProceedings{KatalanGauss,
	AUTHOR="Comissió Gauss",
	TITLE="Presentació del Volum Gauss",
	YEAR="2006",
	NOTE = "Conferències FME: volum III. Curs Gauss, 2005-2006",
	PAGES = "11-14" ,
	HOWPUBLISHED="\url{http://hdl.handle.net/2117/81172}",
	PUBLISHER = " Facultat de Matemàtiques i Estadística (ed.), Barchelona, Spain"
}

@article{CompGaussJordan,
	AUTHOR = "Yadanar Mon and Lai Lai Win Kyi",
	TITLE = "Performance Comparison of Gauss Elimination and Guass-Jordan Elimination ",
	JOURNAL = "International Journal of Computer Science and Network Security",
	YEAR = "2014",
	VOLUME = "2",
	NUMBER = "2",
	PAGES = "67-71"
}


@incollection{StruckParallel,
title = "Chapter 3 - Patterns",
editor = "Michael McCool and Arch D. Robison and James Reinders",
booktitle = "Structured Parallel Programming",
publisher = "Morgan Kaufmann",
address = "Boston",
pages = "79 - 119",
year = "2012",
isbn = "978-0-12-415993-8",
doi = "https://doi.org/10.1016/B978-0-12-415993-8.00003-7",
url = "http://www.sciencedirect.com/science/article/pii/B9780124159938000037",
author = "Michael McCool and Arch D. Robison and James Reinders"
}


@book{ParallelCuda,
	AUTHOR="{ Tolga Soyata}",
	TITLE="GPU Parallel Program Development Using CUDA",
	PUBLISHER="Chapman and Hall/CRC",
	YEAR="2018",
	EDITION ="1st",
	ISBN = " 978-149-875-075-2",
	SERIES = " Chapman \& Hall/CRC Computational Science"
}




%%%%%%%%%%%%%%%%%%%%%%%%%%%%%%%%%%%%%%%%%%%%%%%%%%%%%%%%%